@book{Folland99,
  title     = {Real Analysis: Modern Techniques and their Applications},
  publisher = {John Wiley \& Sons},
  year      = {1999},
  author    = {G. B. Folland},
  note      = {{\par\small\kaishu 这是一本著名的实分析教材, 作为入门可能难度稍微大了些: 毕竟其从抽象测度开始讲起, 而且涵盖的内容远远不止实分析: 比如点集拓扑, 泛函分析, Fourier 分析和概率论等. 勘误表可见 \url{https://sites.math.washington.edu/~folland/Homepage/}}}
}
@book{William10,
  title     = {{微积分的历程: 从牛顿到勒贝格}},
  publisher = {人民邮电出版社},
  year      = {2010},
  author    = {William Dunham},
  note      = {{\par\small\kaishu 一本有趣的数学书. 本文一些数学史相关的叙述来自于此.}}
}
@book{xiadaoxing80,
  title     = {{实变函数论与泛函分析: 上册}},
  publisher = {高等教育出版社},
  year      = {1980},
  author    = {{夏道行, 吴卓人, 严绍宗, 舒五昌}},
  note      = {{\par\small\kaishu 国内老牌的实分析教材, 内容详实丰富, 可以与 \cite{Folland99} 的简明互补.}}
}
@article{Brown69,
  title   = {{An elementary example of a continuous singular function}},
  journal = {American Mathematical Monthly},
  year    = {1969},
  number  = {76},
  pages   = {295--297},
  author  = {A. Brown},
  note    = {{\par\small\kaishu 本文中提到的严格单增且导数几乎处处为 $0$ 的例子来自于此.}}
}
@article{Cunningham67,
  title   = {{Taking limits under the integral sign}},
  journal = {Mathematics Magazine},
  year    = {1967},
  volume  = {40},
  pages   = {179--186},
  author  = {F.Cunningham},
  note    = {{\par\small\kaishu 本文中提到的 Riemann 积分相关的控制收敛定理来自于此.}}
}
@book{amann05,
  title     = {Analysis},
  author    = {{Amann, Herbert and Escher, Joachim and Brookfield, Gary}},
  year      = {2005},
  publisher = {Springer},
  note      = {{\par\small\kaishu 一套适合自学, 自包含但是篇幅相当长的分析教材. \color{lightgray}本文并没有从内容上参考此书, 但是有一幅图片是来自本书的封面.}}
}
@book{axler20,
  title     = {{Measure, integration \& real analysis}},
  author    = {{Axler Sheldon}},
  year      = {2020},
  publisher = {Springer Nature},
  note      = {{\par\small\kaishu 一本不错的图文并茂的实分析教材, 同大多数实分析一样, 讨论了一些泛函, Fourier 理论和概率论的知识. 更多内容见 \url{https://measure.axler.net/}. \color{lightgray} 本文并没有从内容上参考此书, 但是有一幅图片来自此书的一幅图.}}
}

@book{falconer86,
  title     = {The geometry of fractal sets},
  author    = {{Falconer, Kenneth J}},
  number    = {85},
  year      = {1986},
  publisher = {Cambridge university press},
  note      = {{\par\small\kaishu 一本很有趣的小书, 没有啥前置知识需求.}}
}

@book{2001fourier,
  title     = {Fourier analysis},
  author    = {Javier Duoandikoetxea},
  year      = {2001},
  publisher = {American Mathematical Soc.},
  note      = {{\par\small\kaishu 非常出名的调和分析(实变方法)入门书, 勘误表及补充可见 \url{https://www.ams.org/publications/authors/books/postpub/gsm-29-errata4.pdf}.}}
}

@book{miao2018,
  title     = {现代调和分析及其应用讲义},
  author    = {苗长兴},
  year      = {2018},
  publisher = {高等教育出版社},
  note      = {{\par\small\kaishu 简明, 内容丰富. \color{lightgray} 全是PDE.}}
}